<?xml version="1.0" encoding="UTF-8"?><collection xmlns="http://www.loc.gov/MARC21/slim"><record><leader>00565nam--2200133-i-4500</leader><controlfield tag="001">000035888</controlfield><controlfield tag="002">20161230</controlfield><controlfield tag="005">20170124002744</controlfield><controlfield tag="008">060222s1000------------r-----000-0-eng-d</controlfield><datafield ind1=" " ind2=" " tag="245"><subfield code="a">Nuclear metallurgy. IMD special report series. Vol. 4: A symposium on uranium and uranium dioxide (IMD fall meeting, Morrison Hotel, Chicago November 6, 1957) arranged by A.R. Kaufmann, F.M. Foote</subfield></datafield><datafield ind1=" " ind2=" " tag="260"><subfield code="a">New York</subfield><subfield code="b">American Institute Of Mining Metallurgical And Petroleum Engineers</subfield><subfield code="c">1956, 1957</subfield></datafield><datafield ind1=" " ind2=" " tag="490"><subfield code="a">Special Report Series</subfield></datafield><datafield ind1=" " ind2=" " tag="852"><subfield code="a">14372</subfield></datafield><datafield ind1=" " ind2=" " tag="CAT"><subfield code="a">SYS</subfield><subfield code="c">20170124</subfield><subfield code="h">002744</subfield></datafield></record></collection>